<record><leader>00000cas a22000007a 4500</leader><controlfield tag="001">19639659</controlfield><controlfield tag="008">890501d18531885pauwr ne      0    0eng d</controlfield><datafield ind1=" " ind2=" " tag="010"><subfield code="a">sn 89077471 </subfield></datafield><datafield ind1=" " ind2=" " tag="040"><subfield code="a">NPH</subfield><subfield code="b">eng</subfield><subfield code="c">NPH</subfield><subfield code="d">OCLCQ</subfield></datafield><datafield ind1=" " ind2=" " tag="042"><subfield code="a">msc</subfield></datafield><datafield ind1="0" ind2="0" tag="245"><subfield code="a">Public register and American citizen.</subfield></datafield><datafield ind1="1" ind2="3" tag="246"><subfield code="a">Register and citizen</subfield></datafield><datafield ind1="1" ind2="3" tag="246"><subfield code="a">American citizen</subfield></datafield><datafield ind1="1" ind2="7" tag="246"><subfield code="a">Public register</subfield></datafield><datafield ind1=" " ind2=" " tag="260"><subfield code="a">Lancaster City, Pa. :</subfield><subfield code="b">J.F. Huber</subfield></datafield><datafield ind1=" " ind2=" " tag="300"><subfield code="a">v. :</subfield><subfield code="b">ill. (chiefly advertisements) ;</subfield><subfield code="c">58 cm.</subfield></datafield><datafield ind1=" " ind2=" " tag="310"><subfield code="a">Weekly</subfield></datafield><datafield ind1="1" ind2=" " tag="362"><subfield code="a">Began in 1853; ceased in 1885.</subfield></datafield><datafield ind1=" " ind2=" " tag="500"><subfield code="a">Publishers: M.M. Rohrar &amp; J.F. Huber, &lt;1855&gt;.</subfield></datafield><datafield ind1=" " ind2=" " tag="515"><subfield code="a">Issues for &lt;May 19, 1855&gt; called also &lt;whole no. 74&gt;.</subfield></datafield><datafield ind1=" " ind2=" " tag="588"><subfield code="a">Description based on: Vol. 1, no. 41 (Sept. 30, 1854).</subfield></datafield><datafield ind1=" " ind2=" " tag="752"><subfield code="a">United States</subfield><subfield code="b">Pennsylvania</subfield><subfield code="c">Lancaster</subfield><subfield code="d">Lancaster.</subfield></datafield></record>